@book{referenciatorres1,
		author = {Roger S. Pressman, Ph.D.},
		title = {Ingeniería del software, Un enfoque práctico},
		year = {2010},
		adress = {México, D.F},
		edition = {Séptima edición},
		publisher = {McGRAW-HILL INTERAMERICANA EDITORES, S.A. DE C.V},
		note = {Accedido 18-05-2020}
	}

@article{referenciatorres2,
		author = {Elizabeth López Vásquez},
		title = {Análisis de la usabilidad del sistema de trámite documentario - sistram respecto a la satisfacción del usuario basado en la norma  ISO/IEC 25000 de la dirección regional sectorial de la educación},
		year = {2015},
		howpublished = {Recuperado de  https://n9.cl/pxh1b}},
		note = {Accedido 18-05-2020}
	}
